@inproceedings{glove,
  author = {Jeffrey Pennington and Richard Socher and Christopher D. Manning},
  booktitle = {Empirical Methods in Natural Language Processing (EMNLP)},
  title = {GloVe: Global Vectors for Word Representation},
  year = {2014},
  pages = {1532--1543},
  url = {http://www.aclweb.org/anthology/D14-1162},
}

@article{amazon,
	author = {Ruining He and Julian McAuley},
    title = {Ups and Downs: Modeling the Visual Evolution of Fashion Trends with One-Class Collaborative Filtering},
    year = {2016},
    journal = {WWW, 2016}
}

@misc{perceptron,
   author = "Wikipedia",
   title = "{Perceptron} --- {W}ikipedia{,} The Free Encyclopedia",
   year = "2018",
   howpublished = {\url{http://en.wikipedia.org/w/index.php?title=Perceptron&oldid=838780414}},
   note = "[Online; accessed 14-May-2018]"
 }
